

@Article{kochukhova06learning,
  author = 	 {O. Kochukhova and G. Gredeb\"{a}ck},
  title = 	 {Learning about occlusion, initial assumptions and rapid adjustments},
  journal = 	 {Cognition},
  year = 	 2006,
  note =	 {accepted for publication}
}



###############################################
#                                             #
#  Michele's BibTeX file                      #
#                                             #
###############################################
#`Mirror system in mokeys
@ARTICLE{kurata.tanji.1986,
	AUTHOR 		=	"Kurata, K. and Tanji, J.",
	TITLE 		=	"Premotor cortex neurons in macaques: activity before distal and proximal forelimb movements",
	JOURNAL 	=	"The Journal of Neuroscience",
	VOLUME		= 	"6",
  	NUMBER 		=	"2",
	YEAR 		=	"1986",
	PAGES 		=	"403--411"
}

@ARTICLE{rizzolatti.etal:1988,
	AUTHOR 		=	"Rizzolatti, G. and Camarda, R. and Gentilucci, M. and Luppino, G and Matelli, M",
	TITLE 		=	"Functional organization of inferior area 6 in the maaque monkey: Area F5 and the control of distal movements",
	JOURNAL 	=	"Experimental Brain Research",
	VOLUME		= 	"71",
	YEAR 		=	"1988",
	PAGES 		=	"491--507"
}

@ARTICLE{metta.etal:2006,
	AUTHOR 		=	"Metta, G. and Sandini, G. and Natale, L. and Craighero, L. and Fadiga, L.",
	TITLE 		=	"Understanding mirror neurons: a bio-robotic approach",
	JOURNAL 	=	"Interaction Studies",
	VOLUME		= 	"7",
  	NUMBER 		=	"2",
	YEAR 		=	"2006",
	PAGES 		=	"197--231"
}

@ARTICLE{fadiga.etal:PRESS,
	AUTHOR 		=	"Fadiga, L. and Roy, A. C. and Fazio, P. and Craighero, L.",
	TITLE 		=	"From hand actions to speech: evidence and speculations",
	JOURNAL 	=	"Attention and performance",
	YEAR 		=	"in press"
}

@ARTICLE{rizzolatti.etal:2001,
	AUTHOR 		=	"Rizzolatti, G. and Fogassi, L. and Gallese, V.",
	TITLE 		=	"Neurophysiological mechanisms underlying the understanding and imitation of actions",
	JOURNAL 	=	"Natural Reviews Neuroscience",
	VOLUME		= 	"2",
	YEAR 		=	"2001",
	PAGES 		=	"661--670"
}

@ARTICLE{jannerod:2004,
	AUTHOR 		=	"Jannerod, M.",
	TITLE 		=	"The representing brain. Neural correlates of motor intention and imagery",
	JOURNAL 	=	"Behavioural Brain Science",
	VOLUME		= 	"17",
	YEAR 		=	"1994",
	PAGES 		=	"187--245"
}


@ARTICLE{rizzolatti.craighero:2004,
	AUTHOR 		=	"Rizzolatti, G. and Craighero, L.",
	TITLE 		=	"The Mirror-Neuron System",
	JOURNAL 	=	"Annual Reviews Neuroscience",
	VOLUME		= 	"27",
	YEAR 		=	"2004",
	PAGES 		=	"169--192"
}


@ARTICLE{umilta.etal:2001,
	AUTHOR 		=	"Umilt\`a, M. A. and Kohler, E. and Gallese, V. and Fogassi, L. and Fadiga, L. and Keysers, C. and Rizzolatti, G.",
	TITLE 		=	"I know what you are doing: a neurophysiological study",
	JOURNAL 	=	"Neuron",
	VOLUME		= 	"31",
	YEAR 		=	"2001",
	PAGES 		=	"155--165"
}


@ARTICLE{kohler.etal:2002,
	AUTHOR 		=	"Kohler, E. and Keysers, C. and  Umilt\`a, M. A. and Fogassi, L. and Gallese, V. and Rizzolatti G.",	
	TITLE 		=	"Hearing sounds, understanding actions: action representing in mirror neurons",
	JOURNAL 	=	"Science",
	VOLUME		= 	"297",
	YEAR 		=	"2002",
	PAGES 		=	"846--848"
}

@ARTICLE{ferrari.etal:2003,
	AUTHOR 		=	"Ferrari, P. F. and Gallese, V. and Rizzolatti, G. and Fogassi, L.",
	TITLE 		=	"Mirror neurons responding to the observation of ingestive and communicative mouth actions in the monkey ventral premotor cortex",
	JOURNAL 	=	"European Journal of Neuroscience",
	VOLUME		= 	"17",
  	NUMBER 		=	"8",
	YEAR 		=	"2003",
	PAGES 		=	"1703--1714"
}


# Mirror system in Humans
@ARTICLE{falck-ytter.etal:2006,
	AUTHOR 		=	"Falck-Ytter, T. and Gredeb√§ck, G. and von Hofsten, C.",
	TITLE 		=	"Infants predict other people's action goals",
	JOURNAL 	=	"Nature Neuroscience",
	VOLUME		= 	"9",
	YEAR 		=	"2006",
	PAGES 		=	"878--879"
}

@ARTICLE{cohen-seat.etal:1954,
	AUTHOR 		=	"Cohen-Seat, G. and Gastaut, H. and Faure, J.  and Heuyer, G.",
	TITLE 		=	"Responses to sensory stimulation of activation induced my projection of a film",
	JOURNAL 	=	"Revue neurologique",
	VOLUME		= 	"90",
  	NUMBER 		=	"4",
	YEAR 		=	"1954",
	PAGES 		=	"307--311"
}

@ARTICLE{hari.etal:1998,
	AUTHOR 		=	"Hari, R. and Forss, N. and Avikainen, S. and Kirveskari, E. and Salenius, S. and Rizzolatti, G.",
	TITLE 		=	"Activation of human primary motor cortex during observation: a neuromagnetic study",
	JOURNAL 	=	"Proc. Natl. Acad. Sci.",
	VOLUME		= 	"95",
	YEAR 		=	"1998",
	PAGES 		=	"15061--15065"
}

@ARTICLE{cochin.etal:1998,
	AUTHOR 		=	"Cochin, S. and Barthelemy, C. and Lejeune, B. and Roux, S. and Martineau, J.",
	TITLE 		=	"Perception of motion and qEEG activity in human adults. Electroencephalography",
	JOURNAL 	=	"Clinical Neurophysiology",
	VOLUME		= 	"107",
	YEAR 		=	"1998",
	PAGES 		=	"287--295"
}

@ARTICLE{cochin.etal:1999,
	AUTHOR 		=	"Cochin, S. and Barthelemy, C. and Roux, S. and Martineau, J.",
	TITLE 		=	"Observation and execution of movement: similarities demonstrated by quantified electroencephalograpy",
	JOURNAL 	=	"European Journal of Neuroscience",
	VOLUME		= 	"11",
	YEAR 		=	"1999",
	PAGES 		=	"1839--1842"
}

@ARTICLE{grafton.etal:1997,
	AUTHOR 		=	"Grafton, S. T. and Fadiga L. and Arbib, M. A. and Rizzolatti, G.",
	TITLE 		=	"Premotor cortex activation during observation and naming  of familiar tools",
	JOURNAL 	=	"Neuroimage",
	VOLUME		= 	"6",
	YEAR 		=	"1997",
	PAGES 		=	"231--236"
}

@BOOK{kandel.schwartz.jessel:2000,
	AUTHOR 		=	"E. R. Kandel and J. H. Schwartz and T. M. Jessel",
	TITLE 		=	"Principles of Neural Science",
	PUBLISHER 	=	"McGraw-Hill Professional",
	YEAR 		=	"2000"
}

#missing
@ARTICLE{grezes.decety:2002,
	AUTHOR 		=	"Gr\'ezes, J. and Decety, J.",
	TITLE 		=	"Does visual perception of object afford action? Evidence from a neuroimaging study",
	JOURNAL 	=	"Neuropsychologia",
	VOLUME		= 	"40",
	YEAR 		=	"2002",
	PAGES 		=	"212--222"
}

#Not cited
@ARTICLE{grezes.etal:1998,
	AUTHOR 		=	"Gr\'ezes, J. and Costes, N. and Decety, J.",
	TITLE 		=	"Top-down effect of strategy on the perception of human biological motion: a PET investigation",
	JOURNAL 	=	"Cognitive Neuropsychology",
	VOLUME		= 	"15",
	YEAR 		=	"1998",
	PAGES 		=	"553--582"
}

@ARTICLE{fadiga.etal:1995,
	AUTHOR 		=	"Fadiga, L. and Fogassi, L. and Pavesi, G. and Rizzolatti,
	G.",
	TITLE 		=	"Motor facilitation during action observation: a magnetic stimulation study",
	JOURNAL 	=	"Journal of Neurophysiology",
	VOLUME		= 	"73",
	YEAR 		=	"1995",
	PAGES 		=	"2208--2611"
}

@ARTICLE{fadiga.etal:2006,
	AUTHOR 		=	"Fadiga, L. and Craighero, L. and Fabbri Destro, M. and Finos, L. and Cotillon-Williams, N. and Smith, A. T. and Castiello, U.",
	TITLE 		=	"Language in shadow",
	JOURNAL 	=	"Social Neuroscience",
	VOLUME		= 	"1",
  	NUMBER 		=	"2",
	YEAR 		=	"2006",
	PAGES 		=	"77--89"
}

@ARTICLE{grafton.etal:1996,
	AUTHOR 		=	"Grafton, S. T. and Fadiga L. and Arbib, M. A. and Fadiga, L. and Rizzolatti, G.",
	TITLE 		=	"Localization of grasp representations in humans by positron emission tomography",
	JOURNAL 	=	"Experimental Brain Research",
	VOLUME		= 	"112",
	YEAR 		=	"1996",
	PAGES 		=	"103--111"
}

@ARTICLE{oberman.etal:2005,
	AUTHOR 		=	"Oberman, L. M. and Hubbard, E. M. and McCleery, J. P. and Altschuler, E. L. and Ramachandran, V. S. and Pineda, J. A",
	TITLE 		=	"EEG evidence for mirror neuron dysfunction in autism spectral disorders",
	JOURNAL 	=	"Cognitive Brain Research",
	VOLUME		= 	"24",
	YEAR 		=	"2005",
	PAGES 		=	"190--198"
}

#imitation
@ARTICLE{iacoboni.etal:1999,
	AUTHOR 		=	"Iacoboni, M. and Woods, R. P. and Brass, M. and Bekkering, H. and Maziotta, J. C. and Rizzolatti, G.",
	TITLE 		=	"Cortical mechanisms of human imitation",
	JOURNAL 	=	"Science",
	VOLUME		= 	"286",
	YEAR 		=	"1999",
	PAGES 		=	"2526--2528"
}


#speech
@ARTICLE{liberman.mattingly:1985,
	AUTHOR 		=	"A. M. Liberman and I. G. Mattingly",
	TITLE 		=	"The motor theory of speech perception revised",
	JOURNAL 	=	"Cognition",
	VOLUME		= 	21,
	YEAR 		=	1985,
	PAGES 		=	"1--36"
}

# Missing
@BOOK{lennenberg:1967,
    AUTHOR      =   "E. H. Lennenberg",
    TITLE       =   "Biological Foundations of Language",
    PUBLISHER   =   "Wiley",
    ADDRESS     =   "New York",
    YEAR        =   "1967"
}


@ARTICLE{moskovitz:1978,
	AUTHOR 		=	"Moskowitz, B. A.",
	TITLE 		=	"The Acquisition of Language",
	JOURNAL 	=	"Human Communication",
	YEAR 		=	"1978",
	PAGES 		=	"121--131"
}

@BOOK{skinner:1957,
	AUTHOR 		=	"Skinner, B. F.",
	TITLE 		=	"Verbal Behavior",
	PUBLISHER 	=	"Appleton-Century-Crofts",
    ADDRESS     =   "New York",
	YEAR 		=	"1957"
}

#check volume, kandel small, p673
@ARTICLE{chomsky:1968,
    AUTHOR      =   "N. Chomsky",
    TITLE       =   "Language and the mind",
    JOURNAL     =   "Pshychology Today",
    VOLUME      =   "1",
    YEAR        =   "1968",
    PAGES       =   "48--68"
}

@ARTICLE{savage-rumbaugh.etal:1993,
    AUTHOR      =   "E. S. Savage-Rumbaugh and J. Murphy and R. A. Sevcik and K. E. Brakke and S.L. Williams and D. M. Rumbaugh",
    TITLE       =   "Language comprehension in ape and child",
    JOURNAL     =   "Monographs of the Society for research in Child Develpment",
    NUMBER      =   "50",
    VOLUME      =   "3-4",
    YEAR        =   "1993",
    PAGES       =   "1--222"
}

@BOOK{marcus:2004,
    AUTHOR      =   "Marcus, G. F.",
    TITLE       =   "La nascita della mente: come un piccolo numero di geni crea la complessit\`a del pensiero umano",
    EDITOR      =   "Codice Edizioni",
    ADDRESS     =   "Torino",
    YEAR        =   2004
}

@ARTICLE{petrides.etal:2005,
    AUTHOR      =   "Petrides, M. and Cadoret, G. and Mackey, S.",
    TITLE       =   "Orofacial somatomotor responses in the macaque monkey homologue of Broca's area",
    JOURNAL     =   "Nature",
    VOLUME      =   "435",
    YEAR        =   "2005",
    PAGES       =   "1235--1238"
}


@PHDTHESIS{blackburn:1996,
	AUTHOR 		=	 "C. S. Blackburn",
	TITLE 		=	 "Articulatory Methods for Speech Production and Recognition",
	school 		=	 "University of Cambridge",
	YEAR 		=	 "1996"
}


#Others
@BOOK{kandel.schwartz.jessel:fondamenti:2005,
	AUTHOR 		=	"E. R. Kandel and J. H. Schwartz and T. M. Jessel",
	TITLE 		=	"Fondamenti delle neuroscienze e del comportamento",
	PUBLISHER 	=	"Casa Editrice Ambrosiana",
	YEAR 		=	2005
}


@ARTICLE{huttenlocher:1998,
	AUTHOR 		=	"Huttenlocher, P. R.",
	TITLE 		=	"Language input and language growth",
	JOURNAL 	=	"Preventive Medicine",
  	NUMBER 		=	"27",
	VOLUME		= 	"2",
	YEAR 		=	"1998",
	PAGES 		=	"195--199"
}

@ARTICLE{fadiga.craighero:2003,
	AUTHOR 		=	"Fadiga, L. and Craighero, L.",
	TITLE 		=	"New insights on sensorimotor integration: From hand action to speech perception",
	JOURNAL 	=	"Brain and Cognition",
  	NUMBER 		=	"53",
	YEAR 		=	"2003",
	PAGES 		=	"514--524"
}

@ARTICLE{rizzolatti.etal:1996,
	AUTHOR 		=	"Rizzolatti, G. and Fadiga, L. and Gallese, V. and Fogassi, L.",
	TITLE 		=	"Premotor cortex and the recognition of motor actions",
	JOURNAL 	=	"Cognitive Brain Research",
	VOLUME		= 	"3",
	YEAR 		=	"1996",
	PAGES 		=	"131--141"
}


@ARTICLE{rizzolatti.arbib:1998,
	AUTHOR 		=	"Rizzolatti, G. and Arbib, M. A.",
	TITLE 		=	"Language within our grasp",
	JOURNAL 	=	"Trends Neuroscience",
	VOLUME		= 	"21",
	YEAR 		=	"1998",
	PAGES 		=	"188--194"
}

@INBOOK{rizzolatti.fadiga:1998,
	AUTHOR 		=	"Rizzolatti, G. and Fadiga, L.",
	TITLE 		=	"Gasping objects and grasping action meanings: the dual role of monkey rostroventral premotor cortex (area F5)",
	EDITOR		=	"G. R. Bock, J. A. Goode",
	BOOKTITLE	=	"Sneory Guidance of Movement, Novartis Foundation Symposium",
	YEAR 		=	"1998",
	PAGES 		=	"81--103",
	PUBLISHER	=	"John Wiley and Sons",
	ADDRESS		=	"Chichester"
}

@ARTICLE{murata.etal:1997,
	AUTHOR 		=	"Murata, A. and Fadiga, L. and Fogassi, L. and Gallese, V. and Raos, V. and Rizzolatti, G.",
	TITLE 		=	"Objectr representation in the ventral premotor cortex (area F5) of the monkey",
	JOURNAL 	=	"Journal of Neurophysiology",
	VOLUME		= 	"78",
	YEAR 		=	"1997",
	PAGES 		=	"2226-2230"
}

@MISC{epstein.etal:2002,
  AUTHOR 	=	 "Epstein, M. and Hacopian, N. and Ladefoged, P.",
  TITLE 	=	 "Dissection of the Ppeech Production Mechanism",
  YEAR 		=	 "2002",
  HOWPUBLISHED = "\url{http://www.linguistics.ucla.edu/people/ladefoge/}. Retrieved: Apr. 12, 2007"
}

@MISC{gray:1918,
  AUTHOR 	=	 "Gray, H.",
  TITLE 	=	 "Anatomy of the Human Body, 20th Edition",
  YEAR 		=	 "1918",
  HOWPUBLISHED = "Completely published at: \url{http://www.bartleby.com/107/}"
}

%mirror + speech
@ARTICLE{fadiga.craighero.etal:2002,
	AUTHOR 		=	"Fadiga, L. and Craighero, L. and Buccino, G. and Rizzolatti, G.",
	TITLE 		=	"Speech listening specifically modulates the excitability
					of tongue muscles: a TMS study",
	JOURNAL 	=	"European Journal of Neuroscience, Vol 15",
	YEAR 		=	"2002",
	PAGES 		=	"399--402"
}

@ARTICLE{liberman:1993,
	AUTHOR 		=	"A. M. Liberman",
	TITLE 		=	"Haskins Laboratories Status Report on Speech Research",
	VOLUME		= 	"113",
	YEAR 		=	"1993",
	PAGES 		=	"1--32"
}

# EMA
@MISC{zierdt.carstens:1993,
	AUTHOR 		=	"Zierdt, A. and Carstens, B.",
	TITLE 		= 	"Method and a device to determine the spatial arrangement of a
	directionally sensitive magnetic field sensor",
	YEAR		=	"1995",
	HOWPUBLISHED = "United States Patent Number 5,453,687"
}

# US
@ARTICLE{stone:2005,
	AUTHOR 		=	"Stone, M.",
	TITLE 		=	"A guide to analysing tongue motion from ultrasound images",
	JOURNAL 	=	"Clinical Linguistics and Phonetics",
	VOLUME		= 	"19",
  	NUMBER 		=	"6-7",
	YEAR 		=	"2005",
	PAGES 		=	"455--501"
}

# LG
@ARTICLE{childers.krishnamurthy:1985,
	AUTHOR 		=	"Childers, D. G. and Krishnamurthy, A. K.",
	TITLE 		=	"A critical review of electroglottography",
	JOURNAL 	=	"Critical Reviews is Biomedical Engineering",
	VOLUME		= 	"12",
  	NUMBER 		=	"2",
	YEAR 		=	"1985",
	PAGES 		=	"131--161"
}

@ARTICLE{gracco.abbs:1988,
	AUTHOR 		=	"Gracco, V. L. and Abbs, J. H.",
	TITLE 		=	"Central patterning of speech movements",
	JOURNAL 	=	"Experimental Brain Research",
	VOLUME		= 	"71",
  	NUMBER 		=	"3",
	YEAR 		=	"1988",
	PAGES 		=	"515--526"
}

@INPROCEEDINGS{turetsky.ellis:2003,
  AUTHOR 		= "Turetsky, R. and Ellis, D.",
  TITLE 		= "Ground-Truth Transcriptions of Real Music from Force-Aligned MIDI Syntheses",
  BOOKTITLE 	= "4th International Symposium on Music Information Retrieval ISMIR-03",
  ADDRESS 		= "Baltimore",
  MONTH 		= "October",
  YEAR 			= "2003"
}

@misc{kajarekar.etal:1999,
  AUTHOR 		= "S. Kajarekar and N. Malayath and H. Hermansky",
  TITLE 		= "Analysis of sources of variability in speech",
  TEXT = "Sachin Kajarekar, Naren Malayath and Hynek Hermansky, Analysis of sources
    of variability in speech, in Proc. of EUROSPEECH, Budapest, Hungary, 1999.",
  YEAR = "1999",
	URL = "citeseer.ist.psu.edu/kajarekar99analysis.html" 
}

@ARTICLE{wicker.etal:2003,
	AUTHOR 		=	"Wicker, B. and Keysers, C. and Plailly, J. and Royet, J.P. and Gallese, V. and Rizzolatti, G.",
	TITLE 		=	"Both of Us Disgusted in My Insula: The Common Neural Basis of Seeing and Feeling Disgust",
	JOURNAL 	=	"Neuron",
	VOLUME		= 	"40",
	YEAR 		=	"2003",
	PAGES 		=	"655--664"
}

@BOOK{purves.etal:2001,
	AUTHOR 		=	"Purves, D. and Augustine, G. J. and Fitzpatrick, D. and Katz, L. C. and Lamantia, A. S. and McNamara, J. O. and Williams S. M.",
	TITLE 		=	"Neuroscience",
	PUBLISHER 	=	"Sinauer Associates Inc.",
	YEAR 		=	"2001"
}



@InProceedings{gs:LindbergEtAl2000,
  author =       {B{\o}rge Lindberg and Finn Tore Johansen and Narada Warakagoda and Gunnar Lehtinen and Zdravko Ka{\u{c}}i{\u{c}} and Andrej {\u{Z}}gank and Kjell Elenius and Giampiero Salvi},
  title =        {A NOISE ROBUST MULTILINGUAL REFERENCE RECOGNISER BASED ON {S}PEECH{D}AT({II})},
  booktitle = {6th Intern. Conf. on Spoken Language Processing},
  pages =        {370-373},
  year =         {2000},
  volume =       {III}
}
