

@Article{kochukhova06learning,
  author = 	 {O. Kochukhova and G. Gredeb\"{a}ck},
  title = 	 {Learning about occlusion, initial assumptions and rapid adjustments},
  journal = 	 {Cognition},
  year = 	 2006,
  note =	 {accepted for publication}
}



@InProceedings{montesano:etal:2007,
  author = 	 {L. Montesano and M. Lopes and A. Bernardino and J. Santos-Victor},
  title = 	 {Modeling Affordances using Bayesian networks},
  booktitle = {IEEE/RSJ International Conference on Intelligent Robots and Systems},
  year = 	 {2007},
  address = 	 {San Diego, California, USA}
}


